3072 5024
492 445 724 525 srsrouts
757 429 959 520 stolus.
1131 462 1136 472 ·
1197 413 1266 536 ,ιι

182 631 280 701 Haec
305 619 446 692 Photius
470 641 548 687 cum
576 619 742 700 audisset,
771 642 871 698 susm
892 619 931 688 in
952 621 1112 692 omnihus
1130 645 1266 716 operam
1325 677 1329 687 .

184 730 341 817 spondet.
385 731 506 792 Verum
522 721 589 790 sibi
603 723 769 790 malum
744 741 861 810 tsmet,
884 745 913 796 st
903 723 1006 790 “levi
1011 741 1043 790 et
1056 725 1265 796 inconstanti
1284 736 1288 751 ‘

185 823 336 896 Belisarii
356 827 470 893 auimo
493 825 591 908 fidat,
621 827 817 914 praesertim
836 827 969 892 infensa
988 803 1060 894 sibi
1070 829 1265 906 Antoniou
1365 828 1368 834 ’

159 930 362 1000 ¹uliisenim
383 927 561 1016 permultis
580 931 827 1012 deterrebatur,
859 927 945 994 etin
968 922 1266 1020 primisMacedo·
1339 955 1342 962 ⁴
1389 951 1394 960 '

178 1035 260 1125 ¹uiae
278 1037 424 1108 famulae
441 1053 531 1099 casu.
575 1031 687 1120 Quare
702 1053 832 1096 summs
849 1053 933 1119 quas
949 1033 1035 1124 apud
1053 1033 1265 1107 Christianos
1348 1033 1351 1040 ’

127 1133 134 1140 “
183 1155 232 1202 est
262 1153 296 1202 et
315 1139 459 1202 habetur
481 1129 666 1198 iuramenti
687 1124 852 1218 religione
874 1135 1088 1200 mutuo‘sibi
1110 1139 1264 1226 -polliciti
1318 1131 1320 1137 ¹
1399 1137 1402 1146 ’

181 1257 278 1324 sunt,
300 1259 472 1324 nunquam
491 1245 526 1300 ‘se
543 1237 731 1300 deserturos
750 1235 917 1312 invicem,
940 1235 1071 1326 etiamsi
1095 1239 1183 1307 vitae
1205 1263 1264 1310 su.

180 1363 337 1428 premum
354 1338 534 1404 discrimen
550 1339 762 1402 subeundum
779 1338 875 1406 foret.
929 1337 1052 1436 Visum¹
1071 1357 1120 1438 est
1138 1358 1263 1430 tumen,
1325 1422 1328 1436 Ι

160 1442 279 1513 ,ἱιιιιι
302 1457 375 1504 tum
399 1438 531 1528 aggredi
555 1439 636 1503 citra
657 1439 845 1527 periculum
870 1439 1013 1506 minime
1040 1465 1158 1528 posse:
1180 1467 1262 1514 cun·

185 1544 344 1610 ctandum
365 1545 443 1607 vcro
471 1544 513 1606 atl
539 1542 730 1628 Antoninap
759 1563 867 1628 usque
888 1542 1055 1627 Byzantio
1080 1533 1262 1620 discessum

182 1662 217 1718 ot
231 1649 404 1732 Ephesum
421 1641 607 1734 Theodosii
628 1641 795 1728 reditum
828 1667 891 1730 qua
907 1648 981 1710 data
999 1647 1260 1736 opportunitate,

180 1747 323 1823 Photius
338 1770 377 1815 eo
389 1751 428 1816 'ss
446 1763 626 1812 venturum
641 1744 700 1821 ait,
729 1747 890 1834 nulloque
904 1750 1019 1812 lahone
1032 1751 1260 1818 Theodosium
1319 1759 1321 1764 ’

177 1850 320 1938 eiusque
347 1847 512 1939 pecunias
544 1863 681 1932 captum
702 1845 757 1910 iri.
809 1851 862 1918 Ao
887 1865 961 1914 tum
985 1848 1036 1914 illi
1061 1851 1199 1937 quidem
1221 1853 1266 1920 in

176 1953 296 2040 ‘agrum
305 1949 483 2034 Persicum
500 1947 658 2040 omnibus¹
673 1947 972 2034 copiis'invsdunt.
1007 1953 1162 2036 Byzantii
1180 1979 1259 2022 vero
1320 2008 1325 2024 .

179 2053 374 2142 contigere,
398 2074 482 2140 quae
495 2051 568 2116 aliis
584 2049 684 2116 huius
699 2051 860 2116 historiae
874 2051 970 2118 libris
989 2057 1029 2119 de
1044 2051 1271 2148 IoanneCap-⁸

178 2159 307 2244 padoce
329 2173 457 2241 narrata
478 2167 558 2220 sunt
579 2153 629 2242 ³3)
660 2151 697 2220 in
721 2152 844 2242 quihus
870 2152 906 2218 id
928 2177 1018 2221 ame
1034 2161 1150 2224 solu'm.
1161 2179 1260 2229 ceute

169 2259 470 2352 praetermissum,
507 2259 599 2346 quod
620 2277 690 2320 non
711 2256 907 2322 inconsulto
928 2261 1090 2324 loannem
1118 2261 1259 2354 eiusque

178 2353 281 2429 filiam
295 2361 467 2454 Antonine
487 2359 637 2476 decepit3
667 2360 725 2424 sed
746 2375 964 2446 posteaquam
982 2361 1079 2424 data'
1068 2379 1192 2430 rterum
1208 2384 1258 2432 at-

164 2489 242 2552 ,que
262 2467 384 2530 iterum
404 2459 587 2527 iuramenti
610 2459 678 2526 fide
714 2471 799 2550 (qua
825 2461 912 2526 nihil
938 2465 1027 2548 apud
1049 2465 1257 2536 Christianos

177 2565 456 2648 formidolosius)
480 2557 600 2636 iisdem
614 2578 726 2629 sancte
740 2563 994 2650 spopondisset,
1023 2567 1112 2632 nihil
1126 2592 1161 2636 se
1178 2575 1256 2640 dolo
1325 2571 1331 2582 ’

179 2665 266 2732 milo
287 2669 323 2732 in
338 2688 397 2732 'sos
417 2683 575 2732 acturam.
619 2663 680 2731 His
699 2663 858 2753 peractis,
885 2669 1118 2758 Augustaeque
1141 2671 1256 2760 pluri,

157 2762 275 2840 mum
290 2785 460 2832 amicitiae
481 2767 622 2848 conlisa,
657 2765 886 2834 Theodosium
905 2773 1074 2853 Ephesum
1099 2774 1252 2853 dimittit,
1341 2841 1345 2846 .

176 2871 247 2960 ipsa
262 2869 343 2936 vero
358 2867 444 2934 nihil
459 2867 589 2934 adversi
602 2869 809 2956 suspicatain
821 2867 999 2952 Orientem
1013 2872 1252 2958 proficiscitur.
1343 2909 1344 2917 ι

173 2979 291 3064 Nuper
303 2979 495 3050 Isauranum
511 2971 717 3058 praesidium
728 2969 909 3038 Beluartus
921 2993 1152 3092 occupaverat
1175 2999 1253 3044 cum

170 3075 205 3150 ei
221 3073 428 3159 Antonipam
441 3075 619 3140 adventare
633 3097 652 3140 ιι
666 3068 813 3162 quodam
827 3059 1016 3144 nunciatur.
1061 3081 1173 3165 Quare
1182 3103 1253 3152 cae
1297 3137 1301 3146 .

173 3181 251 3246 tens
265 3178 423 3248 omuibus
434 3175 655 3264 posthabitis
678 3175 858 3264 evestigio
877 3179 999 3244 referre
1012 3184 1130 3268 pedem
1147 3181 1252 3250 militi
1346 3203 1351 3228 ¹

172 3280 320 3368 imperat.
330 3339 334 3346 ,,
361 3285 477 3368 ,Forte
500 3297 534 3346 et
555 3278 637 3359 alia,
676 3297 716 3346 ut
739 3296 835 3346 antes
856 3280 1005 3358 narravi,
1041 3283 1078 3348 in
1100 3285 1253 3352 exercitu

172 3405 270 3450 causa
284 3385 376 3462 luit,
387 3386 422 3468 ⁴)
452 3385 671 3470 quamobrem
687 3405 763 3448 vasa
778 3385 1082 3464 conclamantum
1103 3389 1162 3453 sed
1179 3391 1252 3466 An·
1329 3461 1333 3479 Ι

173 3485 310 3552 touiuae
332 3489 497 3552 adventus
521 3507 560 3551 eo
583 3484 684 3552 citius
699 3483 881 3579 maturarit
900 3491 1079 3584 recessum.
1142 3493 1251 3558 Hasce

170 3611 287 3656 causas
308 3611 417 3666 rerum
438 3567 587 3677 singulas
604 3607 682 3654 aute
700 3564 768 3654 lroc
781 3587 917 3676 quidem
931 3577 1094 3678 temporis
1110 3594 1249 3682 aperire,
1340 3624 1342 3632 ·

160 3709 210 3770 ιιι
235 3691 337 3770 initio
358 3694 526 3802 praefatus
549 3714 642 3766 sum.
687 3693 777 3756 haud
799 3707 911 3758 tutum
931 3691 1016 3760 mibi
1035 3693 1148 3762 visum
1171 3694 1248 3780 fuit.

161 3779 272 3872 Porro
296 3819 336 3862 ex
357 3818 395 3860 eo
414 3793 563 3884 teuipors
584 3793 761 3862 Belisarius
785 3797 872 3860 male
891 3797 979 3882 apud
999 3782 1165 3886 populum
1187 3803 1250 3866 Ro-

168 3899 306 3964 manum
323 3894 447 3981 audiit,
480 3895 725 3986 quodsummia
742 3895 943 3986 reipublicae
967 3899 1111 3988 negotiis
1135 3886 1249 3969 dorne-

166 3999 251 4068 ttica
267 3999 380 4090 priora
391 4003 552 4088 duxisset.
602 4001 689 4087 Nasu
706 3988 828 4095 iniuria
840 3997 1005 4090 'coniugis
1017 4001 1162 4092 grauiter
1179 4018 1248 4093 op-
