3072 5024
460 521 693 589 HISTORIA
728 526 939 598 ARCANA
1203 483 1252 610 ,aa
1318 471 1327 482 '

160 706 258 758 retur
278 708 372 788 reum
394 687 575 778 coniugem
598 690 663 762 eibi
686 695 870 782 deposcere
898 709 931 760 et
951 717 970 762 e
990 693 1094 762 tantia
1115 695 1252 770 aenim.
1303 684 1305 690 ¹

162 795 219 859 nia
241 783 337 882 potae
359 785 553 872 vindicare,
580 793 649 860 iam
671 795 725 862 vit
745 794 975 876 illeeomnino
1005 792 1263 870 afflictissimae

162 917 235 961 non
261 897 367 992 modo
396 895 602 962 simultatem
633 917 711 964 cnm
742 879 915 964 Antonina
948 900 1148 986 deponeret,
1191 907 1252 974 aed

48 1024 51 1032 ·
92 1027 94 1033 2
150 998 270 1084 rpalam
294 994 389 1082 quati
411 1013 582 1063 servatum
604 999 815 1088 mancipium
837 1003 934 1081 velot
953 1023 1016 1087 per
1037 1001 1255 1096 triumphum

163 1103 362 1170 traheretur.
420 1098 559 1186 Quod
547 1117 595 1166 ιιι
616 1118 787 1194 peractum
814 1116 873 1170 eat.
930 1106 1033 1168 Mane
1054 1103 1251 1190 Beliaarina,

161 1221 201 1268 ιιι
223 1201 273 1294 illi
298 1221 371 1264 moa
393 1219 481 1280 erat,
501 1199 550 1266 ‘in
572 1205 698 1292 regiam
721 1204 832 1288 venit,
860 1203 997 1270 lamulia
1014 1202 1157 1292 atipatue
1171 1195 1252 1294 perss
1325 1268 1328 1275 .

155 1302 299 1394 paucio,
326 1319 428 1391 atque
450 1301 493 1368 iia
515 1302 653 1384 abiectio
684 1321 719 1375 et
738 1303 891 1394 sordidis.
963 1309 1142 1375 convento
1165 1311 1252 1380 Cae-

58 1472 62 1477 ,
161 1425 238 1472 aare
272 1419 306 1468 et
336 1407 507 1492 Augusta,
551 1407 749 1494 nullamque
777 1413 812 1474 in
842 1407 909 1484 illia
939 1422 1094 1498 expertus
1116 1433 1193 1502 erga
1213 1435 1252 1482 ee

2 1579 3 1586 χ
67 1507 73 1512 ’
163 1504 276 1576 animi
311 1505 600 1590 benevolentiam,
639 1508 723 1596 quin
752 1527 889 1599 accepta
919 1511 1007 1578 inibi
1044 1517 1251 1584 contumelia

162 1613 208 1676 ab
240 1605 437 1676 bominibua
463 1605 639 1676 viliaaimia
673 1627 775 1698 atque
803 1610 959 1690 nefariis,
994 1617 1059 1680 aab
1080 1637 1252 1706 vetperam

162 1733 201 1780 ee
229 1711 369 1778 domum
396 1704 543 1800 recepit,
578 1709 617 1776 in
645 1712 702 1778 via
728 1709 918 1782 identidem
951 1735 1023 1782 aeae
1047 1737 1252 1789 convertena

163 1819 200 1886 et
220 1819 290 1883 hnc
311 1835 410 1904 atque
437 1814 522 1880 illuc
550 1811 854 1901 circumspectans,
889 1817 1030 1885 tieunde
1054 1817 1226 1888 videret'
1214 1845 1253 1890 ιιι

162 1943 200 1990 ae
234 1919 401 1988 irruentes
437 1917 480 1982 ad
511 1913 650 1981 caedem
684 1914 836 1985 ricarioar
879 1940 1062 1988 conecenao
1092 1921 1252 1992 cubiculo

162 2022 406 2088 tremebundae
433 2017 472 2082 in
499 2032 577 2084 toro
598 2008 756 2094 'coneedit
777 2021 885 2104 aolua,
922 2021 1012 2088 nihil
1035 2023 1149 2092 animo
1172 2051 1254 2094 ver-

164 2147 261 2202 eane,
296 2121 386 2210 quod
406 2120 522 2186 viram
544 2121 666 2186 fortem
688 2121 833 2197 deceret.
868 2125 1002 2211 qualem
1033 2141 1068 2192 et
1088 2149 1124 2192 ae
1145 2127 1253 2196 iniere

163 2225 301 2318 penitae
321 2221 601 2289 obliviscebatur.
630 2222 687 2288 a'ed
701 2239 850 2288 aettnare
865 2227 907 2290 ad
928 2230 1098 2310 eodorem,
1125 2246 1253 2296 treme-

163 2329 274 2396 facta·
295 2312 596 2414 animrpenderef
610 2325 918 2410 permutamur,
940 2327 1105 2416 anxiaque
1126 2331 1253 2398 eolllci.
1350 2314 1353 2327 ’

163 2429 286 2498 tudine
306 2444 453 2498 mortem
474 2423 642 2514 ignaviter
663 2425 781 2495 vereri.
846 2430 1014 2497 Antonino
1044 2431 1091 2498 rei
1113 2456 1251 2523 protana
1348 2433 1350 2440 ’

163 2533 296 2621 ignara,
343 2552 444 2618 qoam
474 2549 538 2596 nec
576 2521 701 2616 fingere
731 2511 846 2598 attinio
881 2527 948 2597 aibi
977 2533 1077 2599 facile
1105 2555 1249 2624 poterat,

165 2639 255 2703 forte
275 2631 403 2698 ibidem
426 2629 662 2696 obambulabat
683 2628 888 2698 cruditatem
910 2653 1079 2713 cauata,
1106 2653 1146 2702 ut
1168 2661 1250 2726 gra-

166 2737 298 2803 viorem
328 2729 452 2796 mariti
470 2724 700 2816 mapicionem
732 2749 917 2812 averterem
961 2757 1040 2802 cum
1067 2755 1145 2802 ecce
1174 2757 1252 2828 port

166 2837 250 2906 aolia
279 2855 434 2903 occatum
462 2855 481 2898 e
509 2829 600 2918 regia
629 2837 835 2920 Quadratae,
880 2854 1036 2923 superato
1064 2839 1250 2918 veatibnlo,

164 2940 254 3010 oetio
275 2952 414 3026 repente
432 2929 580 3000 cubiculi
609 2935 754 3019 adstitit,
790 2935 931 3017 micant,
969 2935 1164 3020 ueniebat,
1207 2945 1250 3008 ab

163 3039 390 3130 Imperatrice.
434 3040 511 3102 Hoc
531 3031 650 3100 audito
671 3035 871 3119 Belirariua,
900 3033 1046 3123 pedibua
1061 3057 1162 3129 atque
1182 3065 1252 3110 ma·

163 3144 265 3208 tribue
286 3139 460 3220 resolutio,
495 3139 532 3206 in
555 3154 670 3203 torum
693 3139 821 3206 decidit
841 3125 1036 3226 resupinus,
1067 3145 1109 3209 ad
1133 3165 1250 3212 necem

163 3244 413 3334 paratitaimue3
446 3243 529 3310 adeo
552 3239 648 3306 omni
670 3261 809 3328 prorant
837 3241 943 3308 animi
972 3241 1174 3310 fortitudine
1197 3247 1251 3312 de·

166 3347 374 3419 atituebatur.
419 3347 610 3434 Quadratae
633 3344 744 3408 adhuc
764 3343 946 3410 tobeiatena
968 3335 1135 3432 Augnttae
1158 3347 1251 3422 litte-

65 3537 69 3548 μ
166 3472 220 3518 raa
248 3471 350 3516 manu
376 3449 599 3538 praeferebat,
633 3444 672 3510 in
700 3449 789 3512 banc
817 3449 924 3514 ferme
944 3446 1142 3514 tententiam
1166 3448 1249 3514 acri·

65 3551 67 3559 ⁸
164 3567 255 3641 ptaat
279 3556 317 3616 ln
340 3567 403 3618 noe
424 3571 510 3636 quae
532 3547 759 3630 commiserit,
789 3552 954 3636 praeclare
974 3545 1047 3632 vir,
1069 3569 1139 3612 non
1154 3546 1250 3638 igno·

165 3677 239 3737 νιος
271 3655 331 3718 aed
355 3655 451 3741 =quod
480 3671 543 3738 ego
574 3648 760 3738 plurimum
790 3655 928 3718 debeam
951 3647 1048 3716 uxori
1072 3665 1169 3731 tuae,
1200 3667 1250 3716 eat

155 3743 227 3828 vcur
254 3757 325 3824 eiua
353 3777 451 3822 cauea
478 3767 537 3830 tua
566 3749 629 3816 tibi
658 3751 799 3818 crimina
828 3755 1038 3834 canaonem,
1082 3749 1133 3816 illi
1157 3768 1250 3820 tuam

163 3859 279 3952 viram,
292 3859 495 3932 concedam3
537 3877 598 3941 per
619 3875 706 3918 eam·
724 3855 768 3919 ait
796 3854 861 3935 tibi
882 3854 920 3920 in
942 3871 1115 3942 porterum
1139 3855 1180 3946 de
1202 3877 1252 3920 aa·

163 3965 236 4038 lute
273 3963 380 4050 deque
409 3955 558 4024 fortunia
579 3959 666 4021 bene
687 3974 828 4046 sperate.
891 3959 956 4026 sed
978 3955 1016 4022 in
1038 3956 1250 4023 Antoninam

164 4079 204 4132 te
221 4067 352 4154 qualem
375 4057 581 4145 oatenderia,
599 4061 697 4126 rebua
719 4057 801 4148 iptio
823 4075 857 4127 te
881 4057 981 4128 nobit
1004 4058 1248 4128 declaraturum
