3072 5024
390 428 396 459 ί
458 473 709 548 ‘fllsrotut
745 475 944 545 uncant.
1199 483 1241 548 45

157 677 275 728 tmen
298 651 405 744 epulia
429 668 600 740 acceptos,
614 649 776 739 ‘neglecto
798 661 1026 727 eaertmeuto,
1052 665 1114 732 per
1132 649 1243 716 aeelna
1317 710 1320 722 ,
1357 731 1362 738 1

157 759 346 841 interfecit3
388 779 472 846 quae
495 754 563 822 fuit
585 751 679 840 origo
701 771 772 816 non
795 751 896 814 medo
919 747 1111 812 Solomonia
1134 749 1244 832 ducit,

158 867 220 930 ned
242 868 472 928 Romanorum
496 855 597 922 etiam
631 871 667 920 et
687 851 921 919 Africanorum
942 846 1111 914 interltna.
1176 859 1247 918 Ex-

159 967 267 1032 tincto
289 966 491 1041 Solomone,
529 978 611 1024 eum
632 959 733 1022 dueea
755 953 813 1020 alii
855 967 932 1018 tum
958 949 1087 1018 militet
1114 975 1248 1042 pugnae

157 1046 352 1132 discrimina
387 1065 632 1140 detrectarunt,
669 1057 890 1143 omniumque
923 1051 1075 1120 maxime
1105 1060 1247 1126 loannee

158 1165 330 1246 Sitinioli,
370 1169 431 1254 qui
454 1165 497 1230 ad
518 1157 732 1245 Areobynthi
755 1165 790 1241 ⁹)
824 1175 931 1244 utque
952 1153 991 1222 in
1012 1155 1162 1224 Africam
1185 1163 1249 1228 ad·
1278 1176 1281 1184 ’

158 1287 301 1336 uentum
317 1266 448 1353 proelio
458 1264 636 1345 abetinuit,
659 1278 785 1348 nempe
800 1257 839 1332 in
853 1255 1007 1344 sergium
1026 1257 1114 1344 odio,
1137 1263 1248 1350 quod-

159 1395 228 1460 qne
258 1370 289 1435 ie
311 1386 398 1436 etaet
417 1367 562 1438 imbellia
583 1381 618 1431 et
638 1361 820 1443 delicatna,
859 1381 899 1427 ae
920 1375 960 1424 ut
980 1377 1087 1430 aetate
1108 1386 1247 1450 prorant

160 1471 328 1548 iuvenili,
363 1471 414 1536 eie
433 1467 536 1536 etiam
557 1465 730 1548 moribue3
761 1461 895 1548 invidia
937 1477 972 1530 at
998 1467 1182 1551 petulantia
1209 1469 1247 1536 in

163 1597 282 1643 omnes
302 1570 458 1638 homines
479 1569 722 1651 effutientem,
757 1564 856 1632 molli
883 1563 1056 1653 fractoque
1084 1571 1180 1634 uultu
1212 1588 1247 1638 et
1374 1625 1380 1632 .

59 1665 65 1676 ’
159 1675 279 1746 ,buceio
307 1677 348 1742 ad
376 1669 569 1762 superbiam
597 1671 734 1739 inflatia.
792 1673 915 1734 Verum
936 1673 1034 1756 quod
1055 1671 1249 1740 Antoninae

158 1777 315 1859 Belitarii
335 1774 494 1863 coniugia
515 1789 655 1860 neptem
676 1769 744 1836 eibi
763 1771 1002 1860 deaponderat‚
1023 1770 1061 1836 in
1081 1795 1160 1840 euna
1178 1775 1264 1842 ani..

159 1885 374 1954 madvertere
394 1897 573 1962 nunqnam
594 1879 742 1964 Augusta
762 1873 882 1958 voluit,
913 1896 977 1940 nee
998 1867 1143 1964 imperio
1163 1902 1248 1968 apo.

160 1973 262 2064 liare,
290 2001 495 2070 quamquam
516 1991 717 2066 properante
738 1974 837 2044 ruina
860 1977 1006 2047 Africam
1027 1981 1249 2050 collabantem

160 2085 307 2152 uideret.
374 2077 467 2168 Quin
488 2095 522 2164 et
543 2077 717 2150 iuniorem
742 2077 849 2168 Sergii
871 2081 1009 2146 fratrem
1031 2083 1252 2160 Solomonem'

162 2183 358 2274 interempti
378 2178 511 2272 Pegaeii
532 2181 680 2248 erimine
699 2181 858 2266 liberavit
880 2183 952 2270 ipee
989 2201 1024 2248 et
1053 2187 1248 2271 Imperatore
1368 2223 1377 2233 ·

161 2287 205 2358 ld
225 2287 280 2355 uti
301 2309 337 2354 ee
357 2285 492 2368 habuit,
527 2283 645 2374 poncia
675 2276 826 2373 expedio.
891 2289 1113 2374 Posteaquam
1135 2293 1250 2353 Leva-

97 2403 101 2408 “
163 2391 231 2462 thia
259 2411 320 2473 pro
349 2391 535 2455 Solomone
569 2386 718 2476 pretinm
747 2387 850 2454 solvit
877 2385 1055 2478 Pegaeiut,
1098 2389 1249 2456 reduntia

163 2497 306 2579 domum
329 2490 493 2573 barbarie,
538 2489 610 2577 ipse
634 2511 715 2556 eum
736 2488 893 2577 Pegeeio,
926 2511 1035 2580 aquo
1055 2494 1252 2580 redemptna

165 2602 293 2678 luerat,
327 2610 361 2658 et
388 2612 488 2679 patra
513 2591 661 2656 militum
691 2613 813 2670 manu.
841 2591 979 2678 petebat
1002 2595 1250 2682 Carthaginem.
1317 2675 1329 2688 ,

168 2705 247 2789 Quo
277 2697 315 2762 in
343 2693 465 2760 itinere
493 2691 713 2762 manifestum
739 2693 860 2784 flagitii
887 2697 1106 2764 solomonem
1133 2713 1253 2766 mouet

162 2797 345 2890 Pegatint',
384 2792 595 2864 meminisset
621 2817 731 2884 nuper
755 2819 792 2864 te
825 2793 993 2863 diuinitut
1019 2811 1174 2884 ereptum
1209 2803 1251 2866 ab
1348 2833 1354 2843 ,

161 2900 340 2970 hottibtna
374 2896 430 2967 ille
449 2895 610 2986 indigne,
627 2898 735 2964 ferent
757 2895 926 2965 obiectam
948 2891 1012 2962 tibi
1035 2895 1130 2986 quati
1151 2916 1251 2962 man-

165 2995 258 3096 eipio
296 2999 503 3075 libertatem,
549 3015 686 3088 repente
715 2998 896 3088 Pegatium
940 2997 1127 3078 interimit,
1165 2998 1251 3066 illud

163 3103 256 3172 altae
276 3119 425 3172 servatae
452 3101 643 3190 praemium
671 3107 869 3191 rependent.
934 3103 979 3168 Ut
1006 3122 1088 3168 vero
1115 3105 1253 3188 Byzan-

166 3205 256 3272 tium
279 3204 390 3285 venit,
419 3209 461 3270 ab
483 3207 697 3293 Imperatore.
711 3203 1049 3287 caeditebtolvitur,
1087 3220 1251 3292 tanquam

167 3307 242 3394 ipee
262 3309 371 3374 morte
391 3304 581 3397 perdiderit
602 3309 810 3394 perduellem
828 3305 964 3396 imperii
978 3305 1141 3386 Romaui;
1172 3305 1252 3372 acri·
1281 3317 1283 3321 ’

168 3425 299 3500 ptoqne
325 3407 449 3496 aeeipit
476 3408 746 3492 indemnitatem.
802 3409 868 3476 Ubi
895 3405 1101 3496 eupplicium
1124 3404 1253 3476 illesic

169 3509 296 3590 evasit,
324 3511 463 3598 patriam
492 3511 772 3602 propinquiorque
801 3510 970 3603 eevieume
999 3511 1037 3576 in
1072 3507 1253 3578 Orientem

171 3616 278 3682 alacer
304 3612 509 3701 properavit3
541 3615 601 3680 ted
633 3613 750 3689 divina
777 3613 910 3680 ultione
939 3629 1176 3702 persequente,
1212 3611 1252 3680 iu

168 3714 291 3782 itinere
314 3715 459 3805 deeetait
482 3717 603 3788 evita.
670 3721 722 3786 Ita
748 3722 834 3807 latet
851 3719 905 3786 oe
930 3715 1069 3810 Pegasio
1098 3733 1133 3786 et
1153 3719 1253 3786 Solo-
1292 3777 1298 3789 .

167 3839 271 3904 tuone
289 3837 422 3908 geete..
483 3875 502 3904 .,
