3072 5024
542 420 996 546 ursaonttanotuar
1219 444 1222 464 ¹
1269 488 1312 554 ³9
1384 531 1389 539 .

224 664 298 710 ram
312 638 526 722 diomedeae,
558 653 596 703 ut
613 639 935 728 supramemoravi,
964 619 1241 732 quinquennium
1257 663 1309 718 to·
1402 697 1409 710 ,

170 773 173 784 ·
223 762 298 814 tum
314 739 521 830 nequiverit,
551 739 618 820 niti
641 741 701 806 nbi
717 743 811 809 locut
829 743 1089 834 erit-munitae,
1111 748 1169 811 aed
1183 769 1308 836 perpe.

224 865 285 912 tuo
310 841 513 910 maritimam
538 864 631 908 oram
655 845 757 908 elatee
777 847 914 932 legeret.¹
963 849 1061 914 Certe
1089 845 1170 914 licet
1190 849 1306 918 ineane

221 951 346 1016 Totilae
360 931 687 1042 euperet3'minime
706 961 818 1012 tamen
834 947 931 1013 illum
946 931 1026 1016 eum
1042 963 1114 1016 toto
1129 952 1303 1020 Romano.

155 1040 158 1051 ’
200 1047 294 1126 ‚tum
304 1052 458 1132 exercitu
473 1049 594 1121 timore
609 1049 801 1136 percubeum
819 1049 856 1112 in
871 1047 977 1116 aciem
993 1053 1157 1120 deducere
1174 1055 1300 1150 potuit.

216 1162 330 1246 Quare
352 1155 495 1228 afffictas
520 1152 638 1218 ltaliae
655 1157 717 1216 'rea
745 1171 815 1228 non
842 1151 990 1228 restituit
999 1183 1010 1235 ς
1043 1152 1129 1240 quin
1155 1161 1300 1226 Romam

214 1259 340 1338 etiam,
361 1278 396 1328 et
410 1259 440 1326 ei
456 1279 541 1346 quae
555 1255 619 1324 alia
636 1252 767 1340 reliqua
788 1267 899 1330 eraut,
928 1256 974 1320 de
988 1256 1145 1342 munibat
1161 1257 1300 1347 hauper

212 1361 339 1430 amitit.
380 1361 472 1430 Nihil
493 1383 533 1428 ert
551 1355 678 1424 aerario
693 1356 841 1424 Caeearie
862 1357 902 1420 ad
924 1360 1131 1424 bochellum
1147 1360 1295 1438 illifuit;

211 1464 357 1550 proinde
377 1470 443 1532 boe
457 1481 606 1550 tempore
620 1461 789 1548 profunda
811 1459 976 1526 laboravit
991 1458 1152 1536 avaritia,
1176 1484 1295 1530 omne·

212 1589 281 1652 que
294 1559 447 1632 studium
460 1570 500 1635 ad
518 1584 614 1653 turpe
630 1561 871 1649 compendium
884 1560 1073 1632 ,convertit
1117 1563 1171 1630 sic
1190 1568 1293 1632 Italoe

209 1669 280 1736 iere
296 1693 430 1749 omnen,
454 1675 680 1748 Ravennatee,
710 1667 912 1752 Siculaeque
929 1661 1105 1752 indigenae
1121 1665 1291 1752 expilavit,
1315 1690 1320 1708 ·

206 1789 241 1838 et
261 1771 290 1842 ti
313 1797 396 1860 quoe
419 1773 504 1838 alios
520 1776 654 1840 fortuna
674 1769 712 1836 in
735 1770 807 1834 eiua
820 1781 1019 1854 potestatem
1034 1765 1249 1847 conieciaaet;
1272 1794 1291 1836 a

206 1873 330 1960 qbibua
345 1875 460 1940 neecio
480 1899 549 1962 qno
562 1875 635 1938 iure
660 1887 831 1942 anteactae
846 1867 936 1934 vitae
949 1867 1196 1956 cogitationum
1211 1894 1288 1960 poe·

203 1999 262 2042 uae
279 1977 390 2064 exegit
413 1982 458 2060 ²).
501 1975 559 2044 sic
578 1975 614 2039 in
630 1972 864 2040 Herodianum
888 1968 1195 2048 animadverterat,
1223 1998 1288 2062 pe-

204 2079 321 2146 cuniae
342 2079 460 2166 petiit,
489 2079 598 2148 minae
617 2099 735 2158 omnee
754 2075 956 2158 'intendena3
986 2093 1127 2160 quntum
1139 2075 1197 2140 ille
1213 2101 1286 2164 per·

202 2198 311 2248 taetus
335 2183 464 2252 dictum
489 2185 648 2252 Romania
671 2195 915 2248 tactamentum
939 2200 1085 2258 exuent,
1116 2200 1196 2246 eum
1213 2177 1283 2250 auia

131 2273 135 2286 ’
198 2287 396 2352 cohortibus
423 2309 525 2374 aeque
553 2305 596 2352 et·
623 2285 802 2372 Spoletum
830 2280 961 2349 Totilae
989 2277 1192 2368 Gotthieque
1228 2287 1281 2351 de.

198 2387 297 2454 didit:
338 2389 437 2467 Libet
449 2390 505 2464 hio
517 2411 651 2454 narrare
665 2407 817 2468 caueam,
839 2385 1060 2474 quamobrem
1070 2384 1099 2448 'a
1115 2385 1279 2472 Beiieatio

195 2491 304 2558 alieno
321 2513 393 2558 ease
407 2484 521 2558 animo
535 2489 692 2578 eoeperit
712 2493 855 2552 Ioannes
879 2485 1034 2552 Vitaliani
1055 2485 1084 2572 ³)
1109 2509 1148 2552 ex
1161 2511 1278 2558 ¹eorore

195 2615 314 2678 nepot,
354 2595 484 2682 ingenti
508 2616 589 2666 rane
617 2595 745 2658 damno
769 2589 819 2654 rei
846 2593 1079 2656 Rornanorum
1111 2591 1274 2678 publicae.

196 2697 344 2760 Tantum
367 2697 405 2759 in
431 2701 634 2762 Germanum
655 2697 804 2782 Augusta
820 2691 960 2780 gerebat
980 2691 1117 2770 odium,
1140 2710 1274 2784 tamque

178 2797 348 2862 -omnibue
362 2799 596 2872 manifestum.
619 2815 658 2860 ut
670 2800 784 2889 nullut
801 2817 882 2861 euna
896 2794 972 2868 illo.
996 2793 1076 2860 licet
1090 2801 1272 2882 Imperato—
1289 2827 1296 2850 ·

189 2896 237 2962 rie
255 2899 367 2966 fratria
393 2899 463 2973 filio
488 2904 533 2983 ⁴),
554 2899 723 2966 connubia
744 2899 883 2986 iungere
910 2895 942 2982 ⁵)
973 2900 1121 2964 auderet.
1185 2905 1271 2970 Neda

186 3001 262 3068 eiua
285 3002 401 3084 liberi,
431 3006 542 3090 quoad
563 3003 619 3068 illa
639 3001 743 3084 vixit,
770 3003 879 3074 nullae
898 2997 1032 3086 nuptiae
1053 2997 1165 3085 adepti
1178 3020 1273 3068 sunt.-

184 3105 315 3172 luetina
333 3128 412 3171 vero
426 3105 496 3170 filia
510 3117 669 3174 netarum
683 3103 752 3173 iam
768 3122 802 3170 et
815 3103 984 3171 decimum
1001 3106 1266 3192 agebatannum,

185 3212 390 3294 nequedum
414 3207 743 3294 tamenbtuptiarum
764 3205 1134 3292 animuin-celebrarat.
1177 3215 1264 3300 Ergo

153 3390 157 3398 .
186 3329 262 3372 cnm
285 3317 409 3376 Ioanne
434 3335 452 3376 a
473 3309 635 3379 Belieario
659 3310 864 3394 Byzantium
885 3313 995 3398 legato
1015 3315 1116 3388 verba
1132 3317 1265 3382 Germa.

184 3410 467 3490 tanedeineunda
486 3407 654 3484 affinitate
670 3413 791 3478 babere
805 3419 961 3500 cogitur,·
982 3415 1135 3502 quamvis
1153 3415 1262 3503 digni·

182 3513 537 3600 tutelongeinferiore,
582 3518 621 3583 Id
640 3531 819 3604 poatquetu
832 3514 969 3603 utrique
983 3515 1128 3602 placuit,
1148 3517 1260 3592 vitum
1283 3551 1286 3563 ·

146 3695 158 3714 a
179 3613 461 3688 ett·iureiurando
475 3643 511 3686 ae
524 3635 645 3690 mutuo
662 3617 880 3686 sanetiaaimo
891 3617 1092 3702 devinciens
1106 3639 1148 3686 ue
1158 3627 1260 3690 confla

177 3715 308 3783 ciendia
322 3719 450 3806 nuptiis
464 3743 526 3808 pru
541 3721 633 3786 virili
646 3737 789 3807 uterque
803 3723 964 3790 studeret.
1014 3726 1100 3789 Nam
1117 3722 1207 3792 inter
1222 3727 1266 3794 ee'
1309 3796 1313 3806 x

172 3817 323 3905 graviter
337 3821 559 3902 diffidebant3
589 3825 647 3890 ille
661 3827 752 3912 quod
764 3821 892 3894 maiora
907 3847 1008 3912 quam
1016 3847 1078 3914 pro
1090 3825 1257 3915 dignitate

173 3913 330 4009 ambiret,
360 3925 419 3992 hic
443 3931 533 4014 quod
557 3925 694 3992 alteriue
715 3925 916 3992 affinitatem
942 3917 1139 4016 desperaret.
1181 3935 1262 3998 Au?

172 4043 278 4112 gnata,-
300 4029 491 4116 impotenti
509 4036 593 4096 haee
607 4029 878 4110 ειιιίιιιοΐειιεηε,ε
891 4045 1073 4119 utrumque
1094 4036 1253 4102 omnibus

63 4185 68 4192 .
171 4127 513 4204 circumveniendum
525 4131 660 4202 curavit
671 4131 810 4214 artibus,
836 4150 872 4198 ut
886 4137 988 4202 rebue
999 4133 1251 4226 inferretirupe.
1278 4127 1283 4142 '
