3072 5024
458 482 979 596 ntsaotttttttctnt.'
1178 543 1229 630 wto
1332 493 1357 580 Ῐ

157 699 244 767 mihi
274 704 361 764 ιιιιιιιΙ
378 695 613 764 concitabitur.
678 697 735 765 Siu
751 677 905 766 -mor'tem
933 701 1072 782 evadere
1100 706 1229 776 Iustino
1248 727 1271 782 ,·

158 799 323 886 contigiu-
356 793 523 886 Tempore
546 798 666 864 deinde
687 802 902 886 procedente,
924 818 1078 889 magnam
1101 803 1129 870 is
1152 831 1231 874 eon.

158 903 308 989 sequitur
330 901 536 990 potentiam,
565 903 784 972 Praetutianis
804 901 973 968 militibus
992 907 1177 984 praefectus
1201 916 1230 997 ⁸)

155 1007 200 1070 aab
214 1003 396 1075 Anastasio
420 1001 599 1089 Principe:
629 1003 689 1089 qui
710 1004 769 1068 ubi
790 1005 858 1070 fato
881 1003 1065 1084 consessit,
1102 1028 1140 1074 es
1159 1011 1232 1078 fre-

2 1180 6 1188 ,
65 1137 66 1143 ¹
159 1123 211 1170 tus
231 1107 391 1172 Iustinusi
403 1105 612 1190 praefecttira
629 1104 811 1190 capessivit
827 1105 1023 1192 imperium,
1046 1129 1148 1176 senex
1162 1111 1231 1184 iam
1257 1111 1266 1126 ⁴

106 1273 126 1302 Ι,
154 1205 234 1280 lieet
256 1205 419 1294 capularis
443 1209 559 1293 ⁹)1et,
590 1203 692 1293 'quod
714 1207 875 1275 Romanis
897 1213 1037 1294 antehae
1057 1232 1128 1278 nou
1151 1237 1231 1283 ere·
1261 1235 1264 1242 ·

155 1307 224 1390 nit,
248 1311 331 1376 adeo
353 1310 538 1376 litterarum
560 1333 676 1397 expers
697 1327 747 1392 et,
779 1311 871 1396 quod
899 1308 1040 1390 dieitur,
1069 1317 1230 1403 nealpha.

155 1415 255 1476 bstus
267 1413 331 1500 ¹0),
354 1431 394 1477 ut
408 1435 485 1479 ctam
500 1437 552 1478 sut
542 1412 672 1478 'soleat
687 1409 833 1476 nominis
851 1411 960 1496 apices
974 1411 1103 1483 libellis
1113 1418 1231 1491 indere
1271 1449 1274 1458 ⁴

155 1512 332 1599 Princeps,
367 1535 445 1582 enm
481 1515 567 1604 quid
597 1517 738 1602 imperat
767 1513 1035 1589 faciundum,
1023 1537 1146 1602 rpse
1123 1545 1232 1613 neque
1334 1567 1338 1580 .

157 1613 329 1704 imperare
363 1639 471 1704 neque
502 1639 638 1705 compos
668 1639 739 1683 esse
775 1628 890 1700 posset
924 1638 1042 1692 repom
1068 1629 1232 1708 gerenda

156 1741 247 1838 turn,
291 1721 366 1784 sed
383 1725 523 1800 Propius
548 1725 616 1807 ²¹),
674 1717 734 1807 qui
778 1717 894 1783 officio
930 1723 1112 1804 quaestoris
1149 1728 1231 1794 fun

154 1799 314 1906 gebatur
331 1822 431 1908 eique
473 1823 655 1894 assidebat,
715 1820 829 1887 omnia
875 1821 999 1890 mester
1044 1847 1105 1910 pro
1147 1831 1230 1896 arbi

130 1924 229 1996 trio.
294 1931 420 1991 ¹Verum
457 1941 497 1988 ut
537 1924 670 2009 aliquod
705 1923 920 2009 Imperatoris
953 1947 1073 1992 manus
1108 1945 1231 1998 extaret

154 2045 414 2112 argumentum,
452 2025 700 2112 a-magistratu·,
733 2023 793 2112 qui
821 2023 857 2090 id
886 2025 1034 2102 muueris
1055 2032 1228 2118 hibern),

156 2128 383 2216 excogitatum
408 2131 545 2195 hocest.
609 2128 762 2192 Tabellae
791 2125 924 2214 ligneae
947 2131 1129 2216 perpolitae
1157 2136 1229 2202 fur·

155 2253 244 2296 mam
282 2248 427 2318 quatuor
453 2229 637 2295 litteratum
663 2233 734 2307 ¹³),
774 2249 863 2316 quae
902 2231 970 2315 legi
998 2232 1115 2300 Latine
1149 2259 1230 2312 pns-

150 2353 229 2406 sent
254 2339 327 2419 ¹⁴),
358 2331 573 2398 incidendam
608 2345 744 2404 curant.
790 2337 892 2416 saqtie
918 2331 1070 2400 libello'
1058 2337 1229 2421 resposita,

156 2442 299 2507 calamus
323 2437 442 2500 colore
459 2435 629 2511 imbutus,
659 2418 727 2518 quit
750 2424 894 2500 seriber‘e
915 2455 988 2507 tuos
1011 2453 1062 2502 est
1082 2441 1229 2526 Impera
1289 2481 1292 2488 .

155 2541 366 2622 toribus¹⁵)‚
400 2533 649 2619 huicPrincipi
674 2509 894 2600 tirsdebatur'
883 2559 919 2600 ιιι
942 2560 1091 2624 manum,
1128 2565 1226 2630 quam
1315 2611 1321 2629 ¹

158 2642 222 2704 alii.
246 2637 673 2726 prehensantes.dncebant
701 2625 1037 2729 eircuma'gebantque
1065 2645 1228 2710 calamum

157 2765 218 2828 per
240 2757 382 2828 quatuor
403 2737 473 2807 illas
500 2737 686 2804 litterarum
717 2739 847 2818 formas,
870 2763 989 2828 nempe
1011 2743 1157 2828 singulas
1180 2764 1229 2810 ta-

156 2847 262 2910 bellae
288 2841 469 2912 incisurtts,
513 2839 688 2924 atquelita
717 2841 853 2906 demunt
885 2841 928 2908 iis
957 2848 996 2908 ab
1027 2849 1229 2929 Imperatore

80 2955 82 2966 '
155 2939 277 3014 litteris
300 2939 478 3032 reportatio
496 2941 704 3024 resedebant.
766 2947 797 3008 Is
820 2941 957 3030 quidem
981 2945 1138 3012 Romanis
1160 2964 1228 3016 erat

154 3051 312 3126 lustinus.
357 3043 491 3112 Coniux
511 3056 608 3118 vero,
639 3043 696 3110 cui
716 3067 842 3112 nomen
865 3045 1052 3132 Lupicinus
1075 3051 1125 3126 ¹⁶)
1151 3049 1228 3130 fuit,

155 3177 246 3224 serva
290 3154 398 3240 eaque
436 3135 588 3220 barbara,
631 3145 684 3238 'sui
721 3149 829 3232 pellex
858 3147 1017 3233 emptoris
1047 3147 1166 3215 tustini
1195 3166 1229 3216 et

156 3263 195 3324 ad
218 3277 325 3343 usque
346 3251 438 3315 vitae
460 3247 588 3314 exitum
609 3247 742 3334 imperii
763 3248 862 3316 socia.
906 3253 1023 3336 Neque
1043 3253 1130 3316 malo
1153 3255 1228 3334 suls·¹

156 3359 253 3425 iestis
289 3376 397 3440 neque
420 3355 510 3416 bono
533 3373 604 3416 esse
627 3350 774 3423 lustinus
804 3350 941 3438 quidem
972 3354 1101 3438 potuit,
1147 3355 1227 3424 insi·

156 3461 232 3549 gnis
252 3461 369 3522 homo
377 3451 577 3542 stoliditatis
582 3457 641 3530 ¹⁷),
659 3473 790 3516 summa
810 3475 889 3518 cum
912 3451 1056 3520 infantia
1076 3477 1228 3522 summa-

156 3573 222 3649 que
245 3581 321 3624 eum
344 3555 528 3622 rusticitate
551 3553 764 3630 coniunctae
825 3557 866 3618 At
892 3552 965 3618 eius
992 3556 1116 3622 sororis
1136 3557 1226 3624 filius

156 3659 435 3740 lastinianum),
476 3656 726 3728 aetateiadhuc
764 3676 878 3720 suntor
897 3662 949 3740 ¹⁹)
982 3673 1023 3722 et
1051 3658 1110 3746 qui
1136 3681 1229 3726 surn-

155 3787 246 3830 mam
290 3765 523 3827 moderebatur
566 3757 788 3844 imperii20),
830 3755 869 3822 is
896 3761 1029 3853 demunt
1059 3759 1126 3826 fuit
1161 3767 1226 3828 tto·
1303 3803 1307 3810 ‹
1398 3754 1404 3779 s

155 3864 371 3952 nranis'tot·
406 3879 665 3946 tantorumque·
688 3862 852 3932 malorum
895 3843 1008 3936 autor,
1066 3878 1150 3950 quot
1191 3880 1226 3928 et

155 3985 280 4060 quanta
310 3963 424 4034 audita
452 3984 523 4030 ιιοιι
551 3977 629 4026 sunt
659 3983 699 4026 ex
726 3961 818 4026 omni
844 3960 1055 4050 superiorum
1078 3963 1223 4033 aetatum
