3072 5024
161 431 197 455 “’
283 445 372 526 4εῇ
527 415 1185 526 εεοοοειιοεεεεαιενειε

288 616 398 692 αύτοδ
424 640 461 690 τε
487 622 561 691 τού
586 605 770 709 άνδρύπου
809 623 963 714 καὶτῆς
990 627 1175 719 ξυγγενελις
1213 633 1309 720 χρλος
1340 635 1376 706 ολ

286 721 371 810 μέγα
392 719 663 814 δργισθησομάνῳ
685 725 718 806 ἐς
737 724 863 816 χρόνου
879 726 939 798 τδν
961 725 1102 800 ὄπισθεν
1123 733 1192 820 ε’ίη.
1219 735 1293 806 τότε
1314 737 1376 827 μἐν
1414 753 1419 762 ‘

286 819 354 908 οὖν
396 821 504 906 οὕτως
534 823 707 920 Ἰουστίνῳ
741 836 905 920 περιεῖναι
941 831 1078 922 ξυνέβη.
1124 833 1301 921 προϊόντος
1338 841 1376 910 δλ

286 935 350 1006 ,τοῦ
375 927 501 1025 χρόνον
521 927 556 1012 ἐς
575 929 659 1058 μέγα
673 895 854 1020 δυνάμεως
875 923 974 1014 οὗτος
993 930 1177 1018 Ἰονστῖυος
1197 937 1374 1028 ἐχάρησαν

287 1017 436 1120 άρχυυτα
467 1029 535 1119 γάρ
575 1030 680 1102 αύτδν
715 1031 927 1118 Ἀναστάσιος
961 1037 1116 1126 βασιλεὺς
1149 1042 1375 1128 κατεστήσατο

288 1145 358 1207 τῶν
386 1138 423 1206 ἐν
448 1135 595 1230 παλατίῳ
624 1137 802 1224 φυλάκων,
834 1138 945 1228 ἐπειδη
972 1164 1008 1210 τε
1038 1140 1057 1209 6
1087 1142 1338 1229 βασιλεδςέξ’
1319 1170 1375 1212 αν·

288 1236 444 1329 βρύπων
457 1235 638 1326 η’φάυιστσ,
654 1238 760 1320 αύτδς
780 1247 822 1330 τῇ
842 1247 900 1328 τῆς
921 1238 1024 1335 α’ρχῆς
1044 1240 1240 1332 δυνάμει.
1204 1269 1266 1334 την
1283 1248 1376 1332 βασι-

286 1345 381 1426 λείαν
399 1341 583 1430 συνέλαβε·
613 1343 864 1432 τννβονὲυωνλ)
886 1343 947 1432 μὲν
966 1343 1112 1431 ντνονδι
1132 1343 1215 1434 ἤδη,
1244 1343 1375 1434 ἀμάθο-

287 1468 346 1524 τος
375 1443 410 1514 δὲ
438 1441 644 1532 γραμμάτων
664 1443 840 1528 ἁπάντων,
868 1446 925 1529 χαλ
945 1445 982 1515 τδ
1005 1445 1047 1535 δη
1068 1447 1248 1535 λεγόμενον
1269 1447 1375 1516 άναλ-

285 1546 439 1636 ῳάβητος
458 1544 527 1644 μάν,
548 1543 590 1616 ου’
610 1545 746 1634 γεγονὸς
766 1547 802 1616 ἓν
820 1546 992 1638 Ῥωμαίοις
1011 1548 1179 1637 πρότερον
1199 1549 1299 1619 τοῦτό
1319 1569 1374 1638 γε·

154 1684 168 1711 .-
287 1651 480 1736 εἰθισμένου
501 1649 537 1718 66
559 1649 735 1736 γράμματα
756 1651 861 1720 οίιιεῖα
881 1659 952 1732 τοῖς
973 1654 1115 1740 βιβλίοις
1129 1651 1294 1722 ἐντιθέναι
1313 1650 1376 1726 τδν

288 1753 436 1842 βασιλέα,
458 1750 522 1820 ὅσα
533 1749 576 1820 άν
589 1750 846 1878 ἐπαγγέλλοντος
860 1751 965 1838 αὐτοῦ
979 1755 1125 1841 γίνοιτο·
1141 1751 1244 1834 αύτδς
1260 1755 1377 1842 μέντοι

288 1855 368 1936 οὔτε
397 1855 603 1942 ἐπήγγειλλευ
631 1853 708 1927 ούτε
732 1863 810 1936 τοῖς
836 1855 1080 1944 πρασσομένοις
1116 1857 1380 1939 ξυνεπίστασθαι

284 1949 399 2028 οἶύστε
422 1951 484 2046 ἦν.
505 1958 544 2036 δς
563 1956 600 2026 δὲ
620 1956 836 2046 παρεδρεύειν
857 1957 949 2047 αύτῳ
970 1957 1125 2047 ἐλαχεν’
1105 1961 1210 2050 αρχην
1230 1959 1291 2049 τὴν
1310 1965 1378 2030 τοῦ

288 2059 502 2148 καλουμένου
524 2062 733 2144 κοιαίστορος
754 2059 951 2146 Ιλράαλος”
930 2085 1056 2142 ονομα,
1090 2062 1192 2144 αάτδς
1215 2065 1256 2153 δὴ
1279 2063 1379 2136 αύτο-

159 2217 163 2232 ,
288 2161 384 2254 νόμῳ
411 2155 533 2252 γνάμη
559 2161 689 2230 ἅπαντα
716 2162 896 2246 ἔπρασσεν.
934 2162 1024 2244 ὅπως
1051 2163 1088 2234 δὲ
1108 2171 1296 2254 μαρτυρίαν
1316 2173 1378 2254 τῆς

290 2266 450 2356 βασιλέως
481 2265 590 2354 χειρδς
623 2265 729 2354 ἔχοιεν
759 2261 810 2344 οἷς
836 2265 992 2334 ἐπίκειται
1002 2269 1032 2353 ⁸)
1063 2265 1101 2336 vo*
1135 2269 1234 2354 ἔργον
1257 2273 1377 2348 τοῦτο,

289 2366 457 2456 ἐπενοήθη
494 2367 588 2434 τάδε.
633 2367 720 2452 ξύλῳ
756 2366 959 2456 εἰργασμένῳ
989 2371 1107 2454 βραχεῖ
1134 2366 1378 2454 ἑγνολάψαντες

226 2548 229 2556 Δ
289 2469 427 2558 μορφήν
461 2491 537 2536 τινα
559 2465 763 2554 γραμμάτων
787 2465 966 2552 τεττάρων,
1001 2467 1084 2557 άπερ
1112 2467 1314 2556 ἀναγνῶναι,
1330 2475 1377 2560 τῇ
1414 2492 1417 2498 ’

194 2594 200 2604 ·
290 2577 446 2642 Λατίνων
475 2575 574 2696 φῳνῇ
603 2568 762 2652 δύναται,
788 2593 881 2658 γραφ
883 2572 939 2638 ίδα
965 2595 1001 2640 τε
1023 2577 1118 2660 βαφῇ
1139 2569 1321 2658 βάψαντες,
1352 2565 1378 2664 ᾗ

193 2757 197 2767 .
289 2681 437 2766 βασιλεῖς
455 2671 599 2760 γράφειν
620 2667 793 2754 είύθασιν,
823 2671 975 2761 ἐνεχειρίζ
958 2681 1053 2758 ξοντο
1074 2699 1123 2766 τῳ
1143 2669 1271 2762 βασιλεῖ
1288 2675 1380 2744 τού-

215 2819 217 2826 ·
288 2805 354 2874 τῳ
379 2777 436 2848 παλ
453 2801 492 2848 το
484 2774 626 2858 ξύλον,
656 2764 761 2859 οὗπερ
779 2773 963 2902 ἐμνήσθην,
985 2781 1031 2864 τῷ
1051 2745 1169 2870 βιβλίῳ
1189 2779 1380 2866 ἐνθέμενοι,

288 2881 469 2972 λαβάμενοί
494 2903 529 2948 τε
557 2883 616 2966 τῆς
643 2875 805 2962 βασιλέως
831 2879 954 2965 χειρδς,
981 2886 1143 2969 περιῆγον
1166 2906 1226 2967 μεν
1248 2880 1309 2966 ξύν
1329 2885 1381 2973 τῇ

287 2982 477 3076 γραφλδι’
463 3009 497 3063 ες
524 2979 585 3050 τδν
612 2978 776 3064 τεττάρων
795 2979 998 3068 γραμμάτων
1018 2981 1080 3051 τδν
1098 2981 1224 3072 τύπον,
1257 2983 1290 3061 ἐς
1311 2976 1380 3051 πά·

286 3105 349 3167 σας
371 3109 406 3154 τε
424 3084 483 3164 τὰς
503 3087 566 3152 τοῦ
588 3080 689 3163 ξύλου
711 3078 816 3168 αὐτὴν
834 3085 1071 3168 περιελίξαντες
1092 3083 1252 3172 ἐντομάς,
1281 3082 1380 3154 οὕτω

285 3189 330 3276 δή
351 3185 622 3274 ἀπηλλάσσοντο,
655 3187 793 3252 τοιαῦτα
814 3185 973 3272 βασιλέως
991 3187 1172 3276 γράμματα
1194 3187 1379 3275 φέροντες·

285 3291 329 3364 τά
345 3309 417 3378 μεν
446 3284 532 3376 άμφὶ
547 3311 598 3378 τῳ
604 3282 790 3376 ’Ῑυνστινῳ
810 3283 914 3379 ταύτῃ
932 3287 1111 3419 Ρῳμαίοις
1132 3287 1210 3378 εἶχε
1236 3295 1380 3378 γυναιιιλ

221 3447 223 3454 ,
285 3391 380 3464 66”
360 3415 467 3478 ονομα
492 3390 707 3478 Λονππττιίνη
748 3387 904 3478 ξυνῴκει.
946 3393 1029 3483 αὕτη
1058 3396 1094 3464 δὲ
1120 3392 1224 3482 δούλη
1252 3417 1287 3470 τε
1314 3397 1378 3466 παλ

285 3495 459 3588 βάρβαρος
480 3483 581 3574 οὖσα,
610 3495 673 3560 τοῦ
693 3489 844 3576 πρόσθεν
870 3491 976 3586 αύτήν
1004 3497 1195 3586 ἐωνημένον
1219 3500 1374 3587 παλλακὴ
1426 3502 1430 3513 “

284 3602 417 3690 γέγονε.
441 3597 498 3668 καὶ
520 3592 603 3683 αύτη
623 3593 684 3682 μὲν
705 3593 766 3675 ξδν
785 3593 957 3690 Ἰουστίνῳ
979 3598 1034 3668 ἐπὶ
1053 3604 1133 3688 βίου
1151 3605 1292 3689 δυσμαῖς
1308 3599 1373 3686 τὴν

285 3704 460 3794 βασιλείαν
492 3697 600 3786 ἔσχεν.
648 3695 833 3778 Ἰουστῖνος
864 3699 926 3786 μὲν
952 3692 1017 3772 οὖν
1058 3703 1135 3776 οὔτε
1162 3701 1372 3789 τιπονηρδν

283 3804 365 3888 τούς
390 3799 564 3890 άπηιιδους
584 3796 786 3888 ἐργάζεσθαι
803 3799 882 3872 οὔτε
909 3800 1042 3891 6ya66v
1076 3810 1204 3894 ἴσχυεν
1233 3803 1372 3894 εὐηθείᾳ

284 3907 350 3997 γὰρ
372 3911 479 3994 πολλῇ
500 3907 620 3992 εἴχετο,
641 3899 805 4006 άγλῳττός
824 3929 859 3974 τε
878 3907 1090 4000 παντάπασιν
1113 3909 1162 3977 ιδν
1179 3909 1240 3977 καὶ
1260 3904 1372 3994 λγροι-

283 4009 455 4097 ταξάμενος
497 4005 656 4095 μάλιστα.
705 3995 907 4096 ἀδελφιδοῦς
940 4011 977 4085 ὃ
1013 4008 1104 4101 αάτῳ
1130 4004 1397 4095 Ἰουστινιανδς1

224 4183 226 4188 ,
283 4111 414 4194 νέος’Λ
386 4134 436 4181 αν
465 4110 513 4180 δτι
544 4112 694 4204 διῳκεῖτο
720 4106 784 4197 την
815 4108 920 4199 άρχην
947 4113 1137 4202 ξύμπασαν,
1166 4115 1223 4183 καλ
1252 4111 1373 4201 γέγονε

281 4217 461 4304 Ῥωμαίοις
489 4213 686 4302 ξυμφοράν·
702 4216 827 4294 αἴτιος,
856 4216 930 4296 οιας
957 4239 991 4283 τε
1034 4216 1146 4307 γιαλ“
1126 4235 1208 4298 οσας
1243 4217 1277 4300 ἐς
1309 4212 1374 4284 τὸν

284 4319 416 4390 ἅπαντα
443 4317 550 4388 αἰῶνα
582 4312 695 4397 ον’δείς
719 4338 788 4389 που
813 4313 979 4423 πρότερον
1007 4315 1095 4411 άιιοχῖ
1108 4321 1243 4412 ἔλαβεν.
1278 4318 1374 4400 ἔςτε
1402 4349 1408 4369 ·
